<record><leader>00000cas a22000007a 4500</leader><controlfield tag="001">16686455</controlfield><controlfield tag="008">870915u1933uuuutxuwr ne      0    0eng d</controlfield><datafield ind1=" " ind2=" " tag="010"><subfield code="a">sn 87090739 </subfield></datafield><datafield ind1=" " ind2=" " tag="040"><subfield code="a">PPM</subfield><subfield code="b">eng</subfield><subfield code="c">PPM</subfield><subfield code="d">OCLCQ</subfield></datafield><datafield ind1=" " ind2=" " tag="042"><subfield code="a">msc</subfield></datafield><datafield ind1="0" ind2="0" tag="245"><subfield code="a">Throckmorton tribune.</subfield></datafield><datafield ind1=" " ind2=" " tag="260"><subfield code="a">Throckmorton, Tex. :</subfield><subfield code="b">Phil E. Luker</subfield></datafield><datafield ind1=" " ind2=" " tag="310"><subfield code="a">Weekly</subfield></datafield><datafield ind1="1" ind2=" " tag="362"><subfield code="a">Began in 1933.</subfield></datafield><datafield ind1=" " ind2=" " tag="588"><subfield code="a">Description based on: Vol. 46, no. 33 (Aug. 3, 1933).</subfield></datafield><datafield ind1=" " ind2=" " tag="752"><subfield code="a">United States</subfield><subfield code="b">Texas</subfield><subfield code="c">Throckmorton</subfield><subfield code="d">Throckmorton.</subfield></datafield><datafield ind1="0" ind2="0" tag="780"><subfield code="t">Throckmorton tribune and the Throckmorton times</subfield><subfield code="w">(DLC)sn 87091228</subfield></datafield><datafield ind1="1" ind2=" " tag="029"><subfield code="a">AU@</subfield><subfield code="b">000025828752</subfield></datafield></record>